<?xml version="1.0" encoding="UTF-8"?><collection xmlns="http://www.loc.gov/MARC21/slim"><record><leader>00371nam--2200133-i-4500</leader><controlfield tag="001">000017062</controlfield><controlfield tag="002">20161230</controlfield><controlfield tag="005">20161230201032</controlfield><controlfield tag="008">060222s1000------------r-----000-0-eng-d</controlfield><datafield ind1=" " ind2=" " tag="080"><subfield code="a">662.6(061.3)</subfield></datafield><datafield ind1=" " ind2=" " tag="245"><subfield code="a">Biomass for energy and industry 4th e.c. confe rence</subfield></datafield><datafield ind1=" " ind2=" " tag="260"><subfield code="a">London, Elsevier Applied Science, 1987. Xxvii+ 1391 P</subfield></datafield><datafield ind1=" " ind2=" " tag="700"><subfield code="a">Grassi, G./S.A.</subfield></datafield><datafield ind1=" " ind2=" " tag="852"><subfield code="a">79640</subfield></datafield></record></collection>